%YAML 1.1
%TAG !u! tag:unity3d.com,2011:
--- !u!1 &4796388227368887098
GameObject:
  m_ObjectHideFlags: 0
  m_CorrespondingSourceObject: {fileID: 0}
  m_PrefabInstance: {fileID: 0}
  m_PrefabAsset: {fileID: 0}
  serializedVersion: 6
  m_Component:
  - component: {fileID: 6414584438281926117}
  m_Layer: 10
  m_Name: EmitterFire
  m_TagString: Untagged
  m_Icon: {fileID: 0}
  m_NavMeshLayer: 0
  m_StaticEditorFlags: 0
  m_IsActive: 1
--- !u!4 &6414584438281926117
Transform:
  m_ObjectHideFlags: 0
  m_CorrespondingSourceObject: {fileID: 0}
  m_PrefabInstance: {fileID: 0}
  m_PrefabAsset: {fileID: 0}
  m_GameObject: {fileID: 4796388227368887098}
  m_LocalRotation: {x: 0, y: 0, z: 0, w: 1}
  m_LocalPosition: {x: 0, y: 0, z: 5.58}
  m_LocalScale: {x: 10, y: 10, z: 10}
  m_Children:
  - {fileID: 8338512482101387463}
  m_Father: {fileID: 7162660832578903707}
  m_RootOrder: 2
  m_LocalEulerAnglesHint: {x: 0, y: 0, z: 0}
--- !u!1 &7162660831318648516
GameObject:
  m_ObjectHideFlags: 0
  m_CorrespondingSourceObject: {fileID: 0}
  m_PrefabInstance: {fileID: 0}
  m_PrefabAsset: {fileID: 0}
  serializedVersion: 6
  m_Component:
  - component: {fileID: 7162660831318648519}
  m_Layer: 10
  m_Name: Emitter
  m_TagString: Untagged
  m_Icon: {fileID: 0}
  m_NavMeshLayer: 0
  m_StaticEditorFlags: 0
  m_IsActive: 1
--- !u!4 &7162660831318648519
Transform:
  m_ObjectHideFlags: 0
  m_CorrespondingSourceObject: {fileID: 0}
  m_PrefabInstance: {fileID: 0}
  m_PrefabAsset: {fileID: 0}
  m_GameObject: {fileID: 7162660831318648516}
  m_LocalRotation: {x: 0, y: 0, z: 0, w: 1}
  m_LocalPosition: {x: 0, y: 0, z: 6.23}
  m_LocalScale: {x: 1, y: 1, z: 1}
  m_Children: []
  m_Father: {fileID: 7162660832578903707}
  m_RootOrder: 1
  m_LocalEulerAnglesHint: {x: 0, y: 0, z: 0}
--- !u!1 &7162660832579388089
GameObject:
  m_ObjectHideFlags: 0
  m_CorrespondingSourceObject: {fileID: 0}
  m_PrefabInstance: {fileID: 0}
  m_PrefabAsset: {fileID: 0}
  serializedVersion: 6
  m_Component:
  - component: {fileID: 7162660832578903705}
  - component: {fileID: 7162660832576036539}
  - component: {fileID: 7162660832577133691}
  m_Layer: 10
  m_Name: default
  m_TagString: Untagged
  m_Icon: {fileID: 0}
  m_NavMeshLayer: 0
  m_StaticEditorFlags: 0
  m_IsActive: 1
--- !u!4 &7162660832578903705
Transform:
  m_ObjectHideFlags: 0
  m_CorrespondingSourceObject: {fileID: 0}
  m_PrefabInstance: {fileID: 0}
  m_PrefabAsset: {fileID: 0}
  m_GameObject: {fileID: 7162660832579388089}
  m_LocalRotation: {x: 0, y: -0, z: -0, w: 1}
  m_LocalPosition: {x: -0, y: 0, z: 0}
  m_LocalScale: {x: 1, y: 1, z: 1}
  m_Children: []
  m_Father: {fileID: 7162660832578903707}
  m_RootOrder: 0
  m_LocalEulerAnglesHint: {x: 0, y: 0, z: 0}
--- !u!33 &7162660832576036539
MeshFilter:
  m_ObjectHideFlags: 0
  m_CorrespondingSourceObject: {fileID: 0}
  m_PrefabInstance: {fileID: 0}
  m_PrefabAsset: {fileID: 0}
  m_GameObject: {fileID: 7162660832579388089}
  m_Mesh: {fileID: 4300000, guid: d8cf9ba52095a4f4bb35e68774cfa634, type: 3}
--- !u!23 &7162660832577133691
MeshRenderer:
  m_ObjectHideFlags: 0
  m_CorrespondingSourceObject: {fileID: 0}
  m_PrefabInstance: {fileID: 0}
  m_PrefabAsset: {fileID: 0}
  m_GameObject: {fileID: 7162660832579388089}
  m_Enabled: 1
  m_CastShadows: 1
  m_ReceiveShadows: 1
  m_DynamicOccludee: 1
  m_MotionVectors: 1
  m_LightProbeUsage: 1
  m_ReflectionProbeUsage: 1
  m_RenderingLayerMask: 1
  m_RendererPriority: 0
  m_Materials:
  - {fileID: 2100000, guid: e3ef4b4d386ba4f4fb22823cc66917a1, type: 2}
  m_StaticBatchInfo:
    firstSubMesh: 0
    subMeshCount: 0
  m_StaticBatchRoot: {fileID: 0}
  m_ProbeAnchor: {fileID: 0}
  m_LightProbeVolumeOverride: {fileID: 0}
  m_ScaleInLightmap: 1
  m_PreserveUVs: 0
  m_IgnoreNormalsForChartDetection: 0
  m_ImportantGI: 0
  m_StitchLightmapSeams: 0
  m_SelectedEditorRenderState: 3
  m_MinimumChartSize: 4
  m_AutoUVMaxDistance: 0.5
  m_AutoUVMaxAngle: 89
  m_LightmapParameters: {fileID: 0}
  m_SortingLayerID: 0
  m_SortingLayer: 0
  m_SortingOrder: 0
--- !u!1 &7162660832579388091
GameObject:
  m_ObjectHideFlags: 0
  m_CorrespondingSourceObject: {fileID: 0}
  m_PrefabInstance: {fileID: 0}
  m_PrefabAsset: {fileID: 0}
  serializedVersion: 6
  m_Component:
  - component: {fileID: 7162660832578903707}
  - component: {fileID: 7162660832886827612}
  m_Layer: 10
  m_Name: FollowMachine_3
  m_TagString: Untagged
  m_Icon: {fileID: 0}
  m_NavMeshLayer: 0
  m_StaticEditorFlags: 0
  m_IsActive: 1
--- !u!4 &7162660832578903707
Transform:
  m_ObjectHideFlags: 0
  m_CorrespondingSourceObject: {fileID: 0}
  m_PrefabInstance: {fileID: 0}
  m_PrefabAsset: {fileID: 0}
  m_GameObject: {fileID: 7162660832579388091}
  m_LocalRotation: {x: 0, y: -0, z: -0, w: 1}
  m_LocalPosition: {x: 1.851, y: 2.22, z: 0.42853287}
  m_LocalScale: {x: 0.08, y: 0.08, z: 0.08}
  m_Children:
  - {fileID: 7162660832578903705}
  - {fileID: 7162660831318648519}
  - {fileID: 6414584438281926117}
  m_Father: {fileID: 0}
  m_RootOrder: 0
  m_LocalEulerAnglesHint: {x: 0, y: 0, z: 0}
--- !u!114 &7162660832886827612
MonoBehaviour:
  m_ObjectHideFlags: 0
  m_CorrespondingSourceObject: {fileID: 0}
  m_PrefabInstance: {fileID: 0}
  m_PrefabAsset: {fileID: 0}
  m_GameObject: {fileID: 7162660832579388091}
  m_Enabled: 1
  m_EditorHideFlags: 0
  m_Script: {fileID: 11500000, guid: e5d5e0840ebba144296cc9a901140a0b, type: 3}
  m_Name: 
  m_EditorClassIdentifier: 
  rangeOfArc: 0
  perRangeOfArc: 0.03
  radius: 0.45
  player: {fileID: 0}
  followXPoint: -0.75
  followYPoint: 2
  followZPoint: -0.5
  onAttacking: 0
  bulletTimer: 0.1
  bulletCountDown: 0
  emitterCountDown: 0
  emitterTimer: 0.1
  machineBullet: {fileID: 673341857878317194, guid: 27787de64f0dfd34283fe17a53520950,
    type: 3}
  machineEmitter: {fileID: 7162660831318648519}
  ballAtCameraCenter: {fileID: 0}
  emitterFire: {fileID: 4796388227368887098}
  shootPositionX: -1
  shootPositionY: 2
  shootPositionZ: -0.5
  emitterFireArray: []
--- !u!1001 &8338512482101787201
PrefabInstance:
  m_ObjectHideFlags: 0
  serializedVersion: 2
  m_Modification:
    m_TransformParent: {fileID: 6414584438281926117}
    m_Modifications:
    - target: {fileID: 100006, guid: 234e5aa95353f0643b0181dc3872cda9, type: 3}
      propertyPath: m_Name
      value: WFXMR_MF FPS RIFLE1
      objectReference: {fileID: 0}
    - target: {fileID: 400006, guid: 234e5aa95353f0643b0181dc3872cda9, type: 3}
      propertyPath: m_LocalPosition.x
      value: 0
      objectReference: {fileID: 0}
    - target: {fileID: 400006, guid: 234e5aa95353f0643b0181dc3872cda9, type: 3}
      propertyPath: m_LocalPosition.y
      value: 0
      objectReference: {fileID: 0}
    - target: {fileID: 400006, guid: 234e5aa95353f0643b0181dc3872cda9, type: 3}
      propertyPath: m_LocalPosition.z
      value: 0
      objectReference: {fileID: 0}
    - target: {fileID: 400006, guid: 234e5aa95353f0643b0181dc3872cda9, type: 3}
      propertyPath: m_LocalRotation.x
      value: -0
      objectReference: {fileID: 0}
    - target: {fileID: 400006, guid: 234e5aa95353f0643b0181dc3872cda9, type: 3}
      propertyPath: m_LocalRotation.y
      value: -0
      objectReference: {fileID: 0}
    - target: {fileID: 400006, guid: 234e5aa95353f0643b0181dc3872cda9, type: 3}
      propertyPath: m_LocalRotation.z
      value: -0
      objectReference: {fileID: 0}
    - target: {fileID: 400006, guid: 234e5aa95353f0643b0181dc3872cda9, type: 3}
      propertyPath: m_LocalRotation.w
      value: 1
      objectReference: {fileID: 0}
    - target: {fileID: 400006, guid: 234e5aa95353f0643b0181dc3872cda9, type: 3}
      propertyPath: m_RootOrder
      value: 0
      objectReference: {fileID: 0}
    - target: {fileID: 400006, guid: 234e5aa95353f0643b0181dc3872cda9, type: 3}
      propertyPath: m_LocalEulerAnglesHint.x
      value: 0
      objectReference: {fileID: 0}
    - target: {fileID: 400006, guid: 234e5aa95353f0643b0181dc3872cda9, type: 3}
      propertyPath: m_LocalEulerAnglesHint.y
      value: 0
      objectReference: {fileID: 0}
    - target: {fileID: 400006, guid: 234e5aa95353f0643b0181dc3872cda9, type: 3}
      propertyPath: m_LocalEulerAnglesHint.z
      value: 0
      objectReference: {fileID: 0}
    - target: {fileID: 400006, guid: 234e5aa95353f0643b0181dc3872cda9, type: 3}
      propertyPath: m_LocalScale.x
      value: 1
      objectReference: {fileID: 0}
    - target: {fileID: 400006, guid: 234e5aa95353f0643b0181dc3872cda9, type: 3}
      propertyPath: m_LocalScale.y
      value: 1
      objectReference: {fileID: 0}
    - target: {fileID: 400006, guid: 234e5aa95353f0643b0181dc3872cda9, type: 3}
      propertyPath: m_LocalScale.z
      value: 1
      objectReference: {fileID: 0}
    - target: {fileID: 19800004, guid: 234e5aa95353f0643b0181dc3872cda9, type: 3}
      propertyPath: InitialModule.rotation3D
      value: 1
      objectReference: {fileID: 0}
    - target: {fileID: 19800004, guid: 234e5aa95353f0643b0181dc3872cda9, type: 3}
      propertyPath: InitialModule.startRotation.scalar
      value: 0.5235988
      objectReference: {fileID: 0}
    - target: {fileID: 19800004, guid: 234e5aa95353f0643b0181dc3872cda9, type: 3}
      propertyPath: InitialModule.startRotation.minScalar
      value: -0.5235988
      objectReference: {fileID: 0}
    - target: {fileID: 19800004, guid: 234e5aa95353f0643b0181dc3872cda9, type: 3}
      propertyPath: InitialModule.startRotationX.scalar
      value: 0.7853981
      objectReference: {fileID: 0}
    - target: {fileID: 19800004, guid: 234e5aa95353f0643b0181dc3872cda9, type: 3}
      propertyPath: InitialModule.startRotationX.minScalar
      value: -0.7853981
      objectReference: {fileID: 0}
    m_RemovedComponents: []
  m_SourcePrefab: {fileID: 100100000, guid: 234e5aa95353f0643b0181dc3872cda9, type: 3}
--- !u!4 &8338512482101387463 stripped
Transform:
  m_CorrespondingSourceObject: {fileID: 400006, guid: 234e5aa95353f0643b0181dc3872cda9,
    type: 3}
  m_PrefabInstance: {fileID: 8338512482101787201}
  m_PrefabAsset: {fileID: 0}
